<?xml version="1.0" encoding="UTF-8"?><collection xmlns="http://www.loc.gov/MARC21/slim"><record><leader>00398nam--2200133-i-4500</leader><controlfield tag="001">000047313</controlfield><controlfield tag="002">20161230</controlfield><controlfield tag="005">20161230201046</controlfield><controlfield tag="008">060222s1000------------r-----000-0-eng-d</controlfield><datafield ind1=" " ind2=" " tag="080"><subfield code="a">771.531.15</subfield></datafield><datafield ind1=" " ind2=" " tag="100"><subfield code="a">Weizscker, Ralph</subfield></datafield><datafield ind1=" " ind2=" " tag="245"><subfield code="a">Diapositiv-technik. herstellung, verwendung und vorfuhrung von durchsichtsbildern-schwarzweiss und farbig</subfield></datafield><datafield ind1=" " ind2=" " tag="260"><subfield code="a">Dusseldorf, Knapp, 1956, 98p</subfield></datafield><datafield ind1=" " ind2=" " tag="852"><subfield code="a">12161</subfield></datafield></record></collection>